@book{wasserman2013all,
  title={All of statistics: a concise course in statistical inference},
  author={Wasserman, Larry},
  year={2013},
  publisher={Springer Science \& Business Media}
}


@book{mcelreath2020statistical,
  title={Statistical rethinking: A Bayesian course with examples in R and Stan},
  author={McElreath, Richard},
  year={2020},
  publisher={CRC press}
}

@misc{poldrack2019statistical,
  title={Statistical Thinking for the 21st Century},
  author={Poldrack, Russell A},
  howpublished = {https://statsthinking21.org/},
  year={2019}
}




@misc{wiki:Statistics,
   author = "Wikipedia",
   title = "{Statistics} --- {W}ikipedia{,} The Free Encyclopedia",
   year = "2021",
   howpublished = {\url{http://en.wikipedia.org/w/index.php?title=Statistics&oldid=1011947657}},
   note = "[Online; accessed 19-March-2021]"
 }
 
 
 @book{teicholz2014big,
  title={The big fat surprise: why butter, meat and cheese belong in a healthy diet},
  author={Teicholz, Nina},
  year={2014},
  publisher={Simon and Schuster}
}

@article{dehghan2017associations,
  title={Associations of fats and carbohydrate intake with cardiovascular disease and mortality in 18 countries from five continents (PURE): a prospective cohort study},
  author={Dehghan, Mahshid and Mente, Andrew and Zhang, Xiaohe and Swaminathan, Sumathi and Li, Wei and Mohan, Viswanathan and Iqbal, Romaina and Kumar, Rajesh and Wentzel-Viljoen, Edelweiss and Rosengren, Annika and others},
  journal={The Lancet},
  volume={390},
  number={10107},
  pages={2050--2062},
  year={2017},
  publisher={Elsevier}
}


@misc{venables2009introduction,
  title={An introduction to R},
  author={Venables, William N and Smith, David M and R Development Core Team and others},
  year={2009},
  publisher={Citeseer}
}


@Misc{colin2020,
  author       = {Colin Quirk},
  title        = {Letâ€™s Explore Statistics},
  howpublished = {https://bookdown.org/cquirk/LetsExploreStatistics/},
  year         = {2020},
}

